@article{sheppard1979modern,
  title={Modern coding practices and programmer performance},
  author={Sheppard, Sylvia B and Curtis, Bill and Milliman, Phil and Love, Tom},
  journal={Computer},
  volume={12},
  number={12},
  pages={41--49},
  year={1979},
  publisher={IEEE Comput. Soc.}
}
